@inproceedings{Collobert,
 author = {Collobert, Ronan and Weston, Jason and Bottou, L{\'e}on and Karlen, Michael and Kavukcuoglu, Koray and Kuksa, Pavel},
 title = {Natural Language Processing (Almost) from Scratch},
 journal = {J. Mach. Learn. Res.},
 issue_date = {2/1/2011},
 volume = {12},
 month = nov,
 year = {2011},
 issn = {1532-4435},
 pages = {2493--2537},
 numpages = {45},
 url = {http://dl.acm.org/citation.cfm?id=1953048.2078186},
 acmid = {2078186},
 publisher = {JMLR.org}
} 

@InProceedings{pennington,
  author    = {Pennington, Jeffrey  and  Socher, Richard  and  Manning, Christopher},
  title     = {Glove: Global Vectors for Word Representation},
  booktitle = {Proceedings of the 2014 Conference on Empirical Methods in Natural Language Processing (EMNLP)},
  month     = {October},
  year      = {2014},
  address   = {Doha, Qatar},
  publisher = {Association for Computational Linguistics},
  pages     = {1532--1543},
  url       = {http://www.aclweb.org/anthology/D14-1162}
}


@inproceedings{snoek2012practical,
  title={Practical Bayesian optimization of machine learning algorithms},
    author={Snoek, Jasper and Larochelle, Hugo and Adams, Ryan P},
      booktitle={Advances in neural information processing systems},
        pages={2951--2959},
          year={2012}
          }

@inproceedings{socher2013recursive,
  title={Recursive deep models for semantic compositionality over a sentiment treebank},
    author={Socher, Richard and Perelygin, Alex and Wu, Jean Y and Chuang, Jason and Manning, Christopher D and Ng, Andrew Y and Potts, Christopher},
      booktitle={Proceedings of the conference on empirical methods in natural language processing (EMNLP)},
        volume={1631},
          pages={1642},
            year={2013},
              organization={Citeseer}
              }