@article{aiqua,
  author    = {Jason Weston and
               Antoine Bordes and
               Sumit Chopra and
               Tomas Mikolov},
  title     = {Towards AI-Complete Question Answering: {A} Set of Prerequisite Toy
               Tasks},
  journal   = {CoRR},
  volume    = {abs/1502.05698},
  year      = {2015},
  url       = {http://arxiv.org/abs/1502.05698},
  timestamp = {Mon, 02 Mar 2015 14:17:34 +0100},
  biburl    = {http://dblp.uni-trier.de/rec/bib/journals/corr/WestonBCM15},
  bibsource = {dblp computer science bibliography, http://dblp.org}
}

@article{dmn,
  author    = {Ankit Kumar and
               Ozan Irsoy and
               Jonathan Su and
               James Bradbury and
               Robert English and
               Brian Pierce and
               Peter Ondruska and
               Ishaan Gulrajani and
               Richard Socher},
  title     = {Ask Me Anything: Dynamic Memory Networks for Natural Language Processing},
  journal   = {CoRR},
  volume    = {abs/1506.07285},
  year      = {2015},
  url       = {http://arxiv.org/abs/1506.07285},
  timestamp = {Wed, 01 Jul 2015 15:10:24 +0200},
  biburl    = {http://dblp.uni-trier.de/rec/bib/journals/corr/KumarISBEPOGS15},
  bibsource = {dblp computer science bibliography, http://dblp.org}
}

@article{memnn,
  author    = {Jason Weston and
               Sumit Chopra and
               Antoine Bordes},
  title     = {Memory Networks},
  journal   = {CoRR},
  volume    = {abs/1410.3916},
  year      = {2014},
  url       = {http://arxiv.org/abs/1410.3916},
  timestamp = {Sun, 02 Nov 2014 11:25:59 +0100},
  biburl    = {http://dblp.uni-trier.de/rec/bib/journals/corr/WestonCB14},
  bibsource = {dblp computer science bibliography, http://dblp.org}
}

@MISC{mctest,
    author = {Matthew Richardson and Christopher J. C. Burges and Erin Renshaw},
    title = {MCTest: A Challenge Dataset for the Open-Domain Machine Comprehension of Text},
    year = {}
}

@article{dmnvqa,
  author    = {Caiming Xiong,
  				Stephen Merity,
  				Richard Socher},
  title     = {Dynamic Memory Networks for Visual and Textual Question Answering},
  year      = {2016},
  url       = {http://arxiv.org/pdf/1603.01417.pdf}
}

@article{gru,
  author    = {KyungHyun Cho and
               Bart van Merrienboer and
               Dzmitry Bahdanau and
               Yoshua Bengio},
  title     = {On the Properties of Neural Machine Translation: Encoder-Decoder Approaches},
  journal   = {CoRR},
  volume    = {abs/1409.1259},
  year      = {2014},
  url       = {http://arxiv.org/abs/1409.1259},
  timestamp = {Wed, 01 Oct 2014 15:00:05 +0200},
  biburl    = {http://dblp.uni-trier.de/rec/bib/journals/corr/ChoMBB14},
  bibsource = {dblp computer science bibliography, http://dblp.org}
}

@inproceedings{glove,
  author = {Jeffrey Pennington and Richard Socher and Christopher D. Manning},
  booktitle = {Empirical Methods in Natural Language Processing (EMNLP)},
  title = {GloVe: Global Vectors for Word Representation},
  year = {2014},
  pages = {1532--1543},
  url = {http://www.aclweb.org/anthology/D14-1162},
}


@MISC{lstm,
    author = {Sepp Hochreiter and JÃ¼rgen Schmidhuber},
    title = {Long Short-term Memory},
    year = {1997}
}

@article{mct,
  author    = {Richardson, Burges and Erin Renshaw},
  title     = {MCTest: A Challenge Dataset for the Open-Domain Machine Comprehension of Text},
  journal   = {Conference on Empirical Methods in Natural Language Processing},
  year      = {2013},
  url       = {http://research.microsoft.com/en-us/um/redmond/projects/mctest/MCTest_EMNLP2013.pdf}
}

@incollection{mem,
title = {End-To-End Memory Networks},
author = {Sukhbaatar, Sainbayar and szlam, arthur and Weston, Jason and Fergus, Rob},
booktitle = {Advances in Neural Information Processing Systems 28},
editor = {C. Cortes and N. D. Lawrence and D. D. Lee and M. Sugiyama and R. Garnett},
pages = {2440--2448},
year = {2015},
publisher = {Curran Associates, Inc.},
url = {http://papers.nips.cc/paper/5846-end-to-end-memory-networks.pdf}
}
